@inbook{bachelorarbeit_Egger_Verstappen_page2,
    author = "Egger, S. and Verstappen, T.",
    title = {{Bachelorarbeit (Informatik) Academic Time Planner}},
    year = "2022",
    publisher = "ZHAW School of Engineering", 
    address = "Winterthur",
    pages = {2}
}

@inbook{bachelorarbeit_Egger_Verstappen_page1,
	author = "Egger, S. and Verstappen, T.",
	title = {{Bachelorarbeit (Informatik) Academic Time Planner}},
	year = "2022",
	publisher = "ZHAW School of Engineering", 
	address = "Winterthur",
	pages = {1}
}

@online{toggl_track_url,
    title = {{Toggl Track}},
    url = "https://toggl.com/track/",
    year = "2022",
    note = {[Accessed: 26 September 2022]}
}

@online{github_url,
	title ={{GitHub}},
	url = "https://github.com/",
	year = "2022",
	note = {[Accessed: 2 October 2022]}
}

@online{github_actions_url,
	title = {{GitHub Actions}},
	url = "https://docs.github.com/en/actions/learn-github-actions/understanding-github-actions",
	year = "2022",
	note = {[Accessed: 3 October 2022]}
}

